<?xml version="1.0" encoding="UTF-8"?><record xmlns="http://www.loc.gov/MARC21/slim" xmlns:cinclude="http://apache.org/cocoon/include/1.0" xmlns:zs="http://www.loc.gov/zing/srw/">
  <leader>00991cz  a2200169n  4500</leader>
  <controlfield tag="001">n 2010031311</controlfield>
  <controlfield tag="003">DLC</controlfield>
  <controlfield tag="005">20120323074834.0</controlfield>
  <controlfield tag="008">100517n| acannaabn          |a ana      </controlfield>
  <datafield tag="010" ind1=" " ind2=" ">
    <subfield code="a">n 2010031311</subfield>
  </datafield>
  <datafield tag="040" ind1=" " ind2=" ">
    <subfield code="a">DLC</subfield>
    <subfield code="b">eng</subfield>
    <subfield code="c">DLC</subfield>
    <subfield code="d">DLC</subfield>
  </datafield>
  <datafield tag="046" ind1=" " ind2=" ">
    <subfield code="s">1934</subfield>
    <subfield code="t">1997</subfield>
  </datafield>
  <datafield tag="110" ind1="2" ind2=" ">
    <subfield code="a">Citadel, the Military College of South Carolina.</subfield>
    <subfield code="b">Association of Citadel Men</subfield>
  </datafield>
  <datafield tag="510" ind1="2" ind2=" ">
    <subfield code="w">a</subfield>
    <subfield code="a">Citadel, the Military College of South Carolina.</subfield>
    <subfield code="b">Association of Graduates</subfield>
  </datafield>
  <datafield tag="510" ind1="2" ind2=" ">
    <subfield code="w">b</subfield>
    <subfield code="a">Citadel Alumni Association</subfield>
  </datafield>
  <datafield tag="670" ind1=" " ind2=" ">
    <subfield code="a">NUCMC data from Citadel Archives &amp; Museum for Oliver James Bond papers, 1906-1933</subfield>
    <subfield code="b">(coll. contains correspondence relating to the Association of Citadel Men [of the Citadel])</subfield>
  </datafield>
  <datafield tag="670" ind1=" " ind2=" ">
    <subfield code="a">Citadel Alumni Assoc. website, viewed Mar. 22, 2012</subfield>
    <subfield code="b">(Hist. of CAA Timeline: 1852, Nov. 19: Association of Graduates founded; this name was retained until 1934; 1934: name changed to The Association of Citadel Men; 1997: The Association became the current Citadel Alumni Association; hdqtrs.: Charleston, S.C.)</subfield>
  </datafield>
</record>